:20:02618
:21:123456/DEV
:25:6-9412771
:28C:00102
:60F:C000103USD672,
:61:0312091209D880,FTRFREF:BPHPBK/081203/0003//59512092915002
:86:multiline info
info
:61:0312091209D880,FTRFREF:BPHPBK/081203/0003//59512092915002
:86:singleline info
:61:0312091209D880,FTRFREF:BPHPBK/081203/0003//59512092915002
:62F:C000103USD987,
:86:multiline summary
summary