{1:F01SIIBUS30AXXX0481250571}{2:O9421332080620LPLPXXXX4A0800001263160806200933N}{3:{108:MT942 005 OF 015}}{4:
:20:02761
:25:6-9412771
:28C:1/1
:34F:USD123,
:13D:0001032359+0500
:61:0312091209D880,FTRFREF:BPHPBK/081203/0003//59512092915002
:86:multiline info
-info
:61:0312091209D880,FTRFREF:BPHPBK/081203/0003//59512092915002
:86:singleline info
:61:0312091209D880,FTRFREF:BPHPBK/081203/0003//59512092915002
:90D:75475USD123,
:90C:75475USD123,
:86:multiline summary
smumary
-}{5:{CHK:F7C4F89AF66D}{TNG:}}{S:{COP:P}}