:20:02761
:25:6-9412771
:28C:1/1
:34F:USD123,
:13D:0001032359+0500
:61:0312091209D880,FTRFBPHP/081203/0003//59512092915002
:86:multiline info
info
:61:0312091209D880,FTRFBPHP/081203/0003//59512092915002
:86:singleline info
:61:0312091209D880,FTRFBPHP/081203/0003//59512092915002
:90D:75475USD123,
:90C:75475USD123,
:86:multiline summary
summary
-