{1:F21COPZBEB0AXXX0377002460}{4:{177:1108050213}{451:0}}{1:F01COPZBEB0AXXX0377002460}{2:O9401506110804LRLRXXXX4A1100009040831108041707N}{3:{108:MT940 003 OF 058}}{4:
:20:02618
:21:123456/DEV
:25:6-9412771
:28C:00102
:60F:C000103USD672,
:61:0312091209D880,FTRFREF:BPHPBK/081203/0003//59512092915002
:86:multiline info
info
:61:0312091209D880,FTRFREF:BPHPBK/081203/0003//59512092915002
:86:singleline info
:61:0312091209D880,FTRFREF:BPHPBK/081203/0003//59512092915002
:62F:C000103USD987,
:86:multiline summary
summary
-}{5:{CHK:592A3DB2CA5B}{TNG:}}{S:{COP:P}}